@misc{DefCyber,
  title        = {Definiçao Cibersegurança},
  howpublished = {\url{https://www.itgovernance.co.uk/what-is-cybersecurity}},
  note         = {Acedido a: 17/12/2021}
}

@misc{cisco,
  title        = {O que é cibersegurança},
  howpublished = {\url{https://www.cisco.com/c/en/us/products/security/what-is-cybersecurity.html}},
  note         = {Acedido a: 17/12/2021}
}

@misc{techtarget,
  title        = {Importancia da Cibersegurança},
  howpublished = {\url{https://www.techtarget.com/searchsecurity/definition/cybersecurity}},
  note         = {Acedido a: 17/12/2021}
}

@misc{wiki,
  title        = {Segurança Computacional},
  howpublished = {\url{https://en.wikipedia.org/wiki/Computer_security}},
  note         = {Acedido a: 17/12/2021}
}

@misc{IBM,
  title        = {Dominios da Cibersegurança},
  howpublished = {\url{https://www.ibm.com/topics/cybersecurity}},
  note         = {Acedido a: 17/12/2021}
}

@misc{forcepoint,
  title        = {Segurança de Redes},
  howpublished = {\url{https://www.forcepoint.com/cyber-edu/network-security}},
  note         = {Acedido a: 17/12/2021}
}

@misc{CIP,
  title        = {Proteção de Infraestruturas},
  howpublished = {\url{https://ec.europa.eu/jrc/en/research-topic-critical-infrastructure-protection }},
  note         = {Acedido a: 17/12/2021}
}

@misc{EPCIP,
  title        = {Programa Europeu para proteção de Infraestruturas},
  howpublished = {\url{https://en.wikipedia.org/wiki/European_Programme_for_Critical_Infrastructure_Protection}},
  note         = {Acedido a: 17/12/2021}
}

@misc{cisa,
  title        = {Diretivas presidenciais},
  howpublished = {\url{hhttps://www.cisa.gov/homeland-security-presidential-directive-7}} ,
  note         = {Acedido a: 17/12/2021}
}

@misc{wiki2,
  title        = {Segurança de Aplicações},
  howpublished = {\url{https://en.wikipedia.org/wiki/Application_security }},
  note         = {Acedido a: 17/12/2021}
}

@misc{vmware,
  title        = {Como manter as Aplicações Seguras},
  howpublished = {\url{https://www.vmware.com/topics/glossary/content/application-security}},
  note         = {Acedido a: 17/12/2021}
}

@misc{cyberdefensemagazine,
  title        = {End-user-education},
  howpublished = {\url{https://www.cyberdefensemagazine.com/end-user-security-education/}},
  note         = {Acedido a: 17/12/2021}
}

@misc{cybersecurityguide,
  title        = {Ciberincidência},
  howpublished = {\url{https://cybersecurityguide.org/resources/cyber-incident-guide/}},
  note         = {Acedido a: 17/12/2021}
}

